@BOOK{t00,
  author = {Švec, Jan},
  year={2007},
  title = {Učebnice jazyka Python},
  subtitle = {(aneb Létající cirkus)},
  edition= {{2.2}},
  pagetotal =  {96},
  hyphenation={czech}
}

@BOOK{t01,
  author = {Chacon, Scott},
  year={2010},
  title = {Pro Git},
  pagetotal =  {267},
  hyphenation={czech}
}

@ONLINE{t02,
  author = {{Python Software Foundation}},
  title =  {Python 2.7.10 documentation},
  url = {https://docs.python.org/2.7/},
  urldate = {2015-08-04},
  hyphenation={english}
}

@ONLINE{t03,
  author = {{Python Software Foundation}},
  title =  {Python 3.3.6 documentation},
  url = {https://docs.python.org/3.3/},
  urldate = {2015-08-04},
  hyphenation={english}
}

@ONLINE{t04,
  author = {Rodola', Giampaolo},
  title =  {psutil documentation},
  url = {https://pythonhosted.org/psutil/},
  urldate = {2015-08-04},
  hyphenation={english}
}

@ONLINE{t05,
  author = {{Red Hat}},
  title =  {DNF, the next-generation replacement for Yum},
  url = {https://dnf.readthedocs.org},
  urldate = {2015-08-04},
  hyphenation={english}
}
